<?xml version="1.0" encoding="UTF-8"?>
  <record xmlns="http://www.loc.gov/MARC21/slim" type="Authority">
    <leader>00000nz  a2200000oc 4500</leader>
    <controlfield tag="001">1214463762</controlfield>
    <controlfield tag="003">DE-101</controlfield>
    <controlfield tag="005">20200807114331.0</controlfield>
    <controlfield tag="008">200724n||aznnnaabn           | aaa    |c</controlfield>
    <datafield tag="024" ind1="7" ind2=" ">
      <subfield code="a">1214463762</subfield>
      <subfield code="0">http://d-nb.info/gnd/1214463762</subfield>
      <subfield code="2">gnd</subfield>
    </datafield>
    <datafield tag="035" ind1=" " ind2=" ">
      <subfield code="a">(DE-101)1214463762</subfield>
    </datafield>
    <datafield tag="035" ind1=" " ind2=" ">
      <subfield code="a">(DE-588)1214463762</subfield>
    </datafield>
    <datafield tag="040" ind1=" " ind2=" ">
      <subfield code="a">DE-17</subfield>
      <subfield code="c">DE-17</subfield>
      <subfield code="9">r:DE-17</subfield>
      <subfield code="b">ger</subfield>
      <subfield code="d">0017</subfield>
      <subfield code="e">rda</subfield>
    </datafield>
    <datafield tag="042" ind1=" " ind2=" ">
      <subfield code="a">gnd3</subfield>
    </datafield>
    <datafield tag="043" ind1=" " ind2=" ">
      <subfield code="c">XA-DE</subfield>
    </datafield>
    <datafield tag="075" ind1=" " ind2=" ">
      <subfield code="b">p</subfield>
      <subfield code="2">gndgen</subfield>
    </datafield>
    <datafield tag="075" ind1=" " ind2=" ">
      <subfield code="b">piz</subfield>
      <subfield code="2">gndspec</subfield>
    </datafield>
    <datafield tag="079" ind1=" " ind2=" ">
      <subfield code="a">g</subfield>
      <subfield code="q">f</subfield>
    </datafield>
    <datafield tag="100" ind1="1" ind2=" ">
      <subfield code="a">Hennemann, Anna Catharina</subfield>
      <subfield code="d">1650-1719</subfield>
    </datafield>
    <datafield tag="400" ind1="1" ind2=" ">
      <subfield code="a">Gadaner, Anna Catharina</subfield>
      <subfield code="d">1650-1719</subfield>
      <subfield code="9">v:Geburtsname</subfield>
    </datafield>
    <datafield tag="400" ind1="1" ind2=" ">
      <subfield code="a">Gadanerin, Anna Catharina</subfield>
      <subfield code="d">1650-1719</subfield>
      <subfield code="9">v:Geburtsname</subfield>
    </datafield>
    <datafield tag="400" ind1="1" ind2=" ">
      <subfield code="a">Gadamerin, Anna Catharina</subfield>
      <subfield code="d">1650-1719</subfield>
      <subfield code="9">v:Geburtsname</subfield>
    </datafield>
    <datafield tag="500" ind1="1" ind2=" ">
      <subfield code="0">(DE-101)1214463649</subfield>
      <subfield code="0">(DE-588)1214463649</subfield>
      <subfield code="0">https://d-nb.info/gnd/1214463649</subfield>
      <subfield code="a">Hennemann, Konrad</subfield>
      <subfield code="d">1650-1718</subfield>
      <subfield code="4">bezf</subfield>
      <subfield code="4">https://d-nb.info/standards/elementset/gnd#familialRelationship</subfield>
      <subfield code="w">r</subfield>
      <subfield code="i">Beziehung familiaer</subfield>
      <subfield code="e">Beziehung familiaer</subfield>
      <subfield code="9">v:Ehefrau</subfield>
    </datafield>
    <datafield tag="500" ind1="1" ind2=" ">
      <subfield code="0">(DE-101)143717251</subfield>
      <subfield code="0">(DE-588)143717251</subfield>
      <subfield code="0">https://d-nb.info/gnd/143717251</subfield>
      <subfield code="a">Hennemann, Adolph Friedrich</subfield>
      <subfield code="4">bezf</subfield>
      <subfield code="4">https://d-nb.info/standards/elementset/gnd#familialRelationship</subfield>
      <subfield code="w">r</subfield>
      <subfield code="i">Beziehung familiaer</subfield>
      <subfield code="e">Beziehung familiaer</subfield>
      <subfield code="9">v:Sohn</subfield>
    </datafield>
    <datafield tag="500" ind1="1" ind2=" ">
      <subfield code="0">(DE-101)1078697639</subfield>
      <subfield code="0">(DE-588)1078697639</subfield>
      <subfield code="0">https://d-nb.info/gnd/1078697639</subfield>
      <subfield code="a">Hennemann, Johann Konrad</subfield>
      <subfield code="d">1683-1683</subfield>
      <subfield code="4">bezf</subfield>
      <subfield code="4">https://d-nb.info/standards/elementset/gnd#familialRelationship</subfield>
      <subfield code="w">r</subfield>
      <subfield code="i">Beziehung familiaer</subfield>
      <subfield code="e">Beziehung familiaer</subfield>
      <subfield code="9">v:Sohn</subfield>
    </datafield>
    <datafield tag="548" ind1=" " ind2=" ">
      <subfield code="a">1650-1719</subfield>
      <subfield code="4">datl</subfield>
      <subfield code="4">https://d-nb.info/standards/elementset/gnd#dateOfBirthAndDeath</subfield>
      <subfield code="w">r</subfield>
      <subfield code="i">Lebensdaten</subfield>
    </datafield>
    <datafield tag="548" ind1=" " ind2=" ">
      <subfield code="a">26.02.1650-26.02.1719</subfield>
      <subfield code="4">datx</subfield>
      <subfield code="4">https://d-nb.info/standards/elementset/gnd#dateOfBirthAndDeath</subfield>
      <subfield code="w">r</subfield>
      <subfield code="i">Exakte Lebensdaten</subfield>
    </datafield>
    <datafield tag="550" ind1=" " ind2=" ">
      <subfield code="0">(DE-101)041376307</subfield>
      <subfield code="0">(DE-588)4137630-4</subfield>
      <subfield code="0">https://d-nb.info/gnd/4137630-4</subfield>
      <subfield code="a">Pfarrersfrau</subfield>
      <subfield code="4">berc</subfield>
      <subfield code="4">https://d-nb.info/standards/elementset/gnd#professionOrOccupation</subfield>
      <subfield code="w">r</subfield>
      <subfield code="i">Charakteristischer Beruf</subfield>
    </datafield>
    <datafield tag="551" ind1=" " ind2=" ">
      <subfield code="0">(DE-101)040374467</subfield>
      <subfield code="0">(DE-588)4037446-4</subfield>
      <subfield code="0">https://d-nb.info/gnd/4037446-4</subfield>
      <subfield code="a">Marburg</subfield>
      <subfield code="4">ortg</subfield>
      <subfield code="4">https://d-nb.info/standards/elementset/gnd#placeOfBirth</subfield>
      <subfield code="w">r</subfield>
      <subfield code="i">Geburtsort</subfield>
    </datafield>
    <datafield tag="551" ind1=" " ind2=" ">
      <subfield code="0">(DE-101)1030144435</subfield>
      <subfield code="0">(DE-588)1030144435</subfield>
      <subfield code="0">https://d-nb.info/gnd/1030144435</subfield>
      <subfield code="a">Bensheim-Gronau</subfield>
      <subfield code="4">orts</subfield>
      <subfield code="4">https://d-nb.info/standards/elementset/gnd#placeOfDeath</subfield>
      <subfield code="w">r</subfield>
      <subfield code="i">Sterbeort</subfield>
    </datafield>
    <datafield tag="670" ind1=" " ind2=" ">
      <subfield code="a">http://www.gedbas.de ; Kirchenbuch Michelstadt n°2529</subfield>
    </datafield>
    <datafield tag="672" ind1=" " ind2="0">
      <subfield code="a">Jesus, der allerfreundlichste Kinder-Freund; welcher seine sonderbare Liebe und freundliche Sorgfalt für die kleine und unmundige Kindlein sehenn lässet ; auch noch heutiges Tages, wie bey dero geistlichen Wiedergeburt, so auch in täglicher Aufferziehung, und endlich bey deroselben frühzeitigem Absterben, zu denen Christlichen Erltern würcklich saget: Matth.Cap.XIX.v.14. Lasset die Kindlein, und wehret ihnen nicht, zu mir zukommen, denn solcher ist das Himmelreich. Als des Wohl-Ehrwürdigens und Wohlgelehrten Hn.Conrad Hennemanns, Hoch-Gräffl. Erpachischen Geist-eifferigen Seelen-Hirten der Gemeine zu Beedenkirche, und der Viel-Ehren und Tugendreichen Frauen Anna Catharina, einer gebohrnen Gadamerin, 14. Tägiges Söhnlein, Nahmens Johann Conrad, ... den 2. Septembr. 1683. beerdiget wurde. Einfältig aus Gottes Wort fürgewiesen, von M. Christian Philipp Leutwein, Werthemiâ-Franco, Hoch-Gräffl. Erbach. Pfarrer zu Grunau, und des löblichen Consistorii zu Fürstenau Beysitzer, Darmstadt: H.Müller, 1684.</subfield>
    </datafield>
    <datafield tag="678" ind1=" " ind2=" ">
      <subfield code="b">Ehefrau des Pfarrers Konrad Hennemann. Mutter des Pfarrers Adolf Friedrich Hennemann.</subfield>
    </datafield>
  </record>
